@book{cooper2003computability,
  title={Computability theory},
  author={Cooper, S Barry},
  year={2003},
  publisher={CRC Press}
}